<?xml version="1.0" encoding="UTF-8"?>
<SOAP-ENV:Envelope xmlns:SOAP-ENV="http://schemas.xmlsoap.org/soap/envelope/" xmlns:marcx="info:lc/xmlns/marcxchange-v1" xmlns:of="http://oss.dbc.dk/ns/openformat"><SOAP-ENV:Body><of:formatResponse><marcx:collection><marcx:record format="danMARC2" type="Bibliographic"><marcx:leader>00000n    2200000   4500</marcx:leader><marcx:datafield ind1="0" ind2="0" tag="001"><marcx:subfield code="a">ebr10132720</marcx:subfield><marcx:subfield code="b">WorldCat</marcx:subfield><marcx:subfield code="d">20020213</marcx:subfield><marcx:subfield code="f">a</marcx:subfield></marcx:datafield><marcx:datafield ind1="0" ind2="0" tag="004"><marcx:subfield code="r">n</marcx:subfield><marcx:subfield code="a">e</marcx:subfield></marcx:datafield><marcx:datafield ind1="0" ind2="0" tag="008"><marcx:subfield code="t">m</marcx:subfield><marcx:subfield code="a">2000</marcx:subfield><marcx:subfield code="b">ca</marcx:subfield><marcx:subfield code="d">a</marcx:subfield><marcx:subfield code="d">y</marcx:subfield><marcx:subfield code="f">1</marcx:subfield><marcx:subfield code="w">1</marcx:subfield><marcx:subfield code="l">eng</marcx:subfield><marcx:subfield code="v">0</marcx:subfield></marcx:datafield><marcx:datafield ind1="0" ind2="0" tag="009"><marcx:subfield code="a">a</marcx:subfield><marcx:subfield code="g">xe</marcx:subfield><marcx:subfield code="b">t</marcx:subfield></marcx:datafield><marcx:datafield ind1="0" ind2="0" tag="021"><marcx:subfield code="x">0773521143</marcx:subfield></marcx:datafield><marcx:datafield ind1="0" ind2="0" tag="021"><marcx:subfield code="x">0773521151</marcx:subfield><marcx:subfield code="b">pbk.</marcx:subfield></marcx:datafield><marcx:datafield ind1="0" ind2="0" tag="036"><marcx:subfield code="z">2002318381</marcx:subfield></marcx:datafield><marcx:datafield ind1="0" ind2="0" tag="043"><marcx:subfield code="a">n-us---</marcx:subfield><marcx:subfield code="a">n-cn---</marcx:subfield></marcx:datafield><marcx:datafield ind1="0" ind2="0" tag="050"><marcx:subfield code="a">HF1766</marcx:subfield><marcx:subfield code="b">.F74 2000eb</marcx:subfield></marcx:datafield><marcx:datafield ind1="0" ind2="0" tag="082"><marcx:subfield code="a">382</marcx:subfield><marcx:subfield code="b">.917</marcx:subfield><marcx:subfield code="c">21</marcx:subfield></marcx:datafield><marcx:datafield ind1="0" ind2="0" tag="245"><marcx:subfield code="a">Free trade</marcx:subfield><marcx:subfield code="m">electronic resource</marcx:subfield><marcx:subfield code="c">risks and rewards</marcx:subfield><marcx:subfield code="e">edited by L. Ian MacDonald</marcx:subfield></marcx:datafield><marcx:datafield ind1="0" ind2="0" tag="260"><marcx:subfield code="a">Montreal</marcx:subfield><marcx:subfield code="a">Ithaca</marcx:subfield><marcx:subfield code="b">Published for the McGill Institute for the Study of Canada by McGill-Queen's University Press</marcx:subfield><marcx:subfield code="c">c2000</marcx:subfield></marcx:datafield><marcx:datafield ind1="0" ind2="0" tag="300"><marcx:subfield code="a">xvii, 280 s.</marcx:subfield><marcx:subfield code="b">ill.</marcx:subfield></marcx:datafield><marcx:datafield ind1="0" ind2="0" tag="530"><marcx:subfield code="a">Machine generated contents note: PART ONE THlE CONTEXT -- The Road to Free Trade / 3 -- MICHAEL HART -- Interviews with Brian Mulroney andJohn Turner / 35 -- WILLIAM WATSON -- Leap of Faith / 48 -- DONALD S. MACDONALD -- A Signal Moment / 55 -- JAMES A. BAKER III -- Where There's the Will/ 61 -- DEREK H. BURNEY -- PART TWO THE MAKING OF THE DEAL -- The Negotiation and Approval of the FTA / 73 -- L. IAN MACDONALD, CLAYTON YEUTTER, -- SIMON REISMAN, PETER MCPHERSON, JOHN C. -- iLIAM MERKIN, CHARLES E. ROH, -- JEAN ANDERSON',. WILLIAM DYMOND, STANLEY H. HARTT -- PART THREE, THE RECORD -- fleiata{U:S. FTA: Real Results versus Unreal Expectations / 99 -- RICHARD G. LIPSEY -- From Leaps of Faith to Lapses of Logic / 107 -- ANDREW N. JACKSON -- Free Trade in North America: Some Observations / 118 -- PAUL WONNACOTT -- NAFTA and the Manufacturing Industry in Mexico: -- A Preliminary Balance / 122 -- FERNANDO CLAVIJO -- PART FOUR SECTORAL PERSPECTIVES: -- RESULTS AND OPPORTUNITIES -- Sectoral Results and Opportunities: An Introduction / 135 -- FRANCIS FOX -- A Matter of National Interest / 137 -- LAURENT BEAUDOIN -- ANew Mindset / 139 -- L. JACQUES MtNARD -- ASea Change / 142 -- CHARLES SIROIS -- A New Frontier of Trade Policy / 144 -- LYNTON R. WILSON -- The Case of the Softwood Lumbet Industry / 147 -- BOB RAE -- AReality Check / 151 -- JIM STANFORD -- PART FIVE FREE TRADE AND SOCIAL POLICY -- Globalization and the Social Dimension / 159 -- GERALD LAROSE -- Economic Arguments versus Ideological Ones /-166 -- GUY STANLEY -- PART SIX FREE TRADE AND DISPUTE -- SETTLEMENT -- FTA and NAFTA Dispute Settlement in Canadian Trade -- Policy / 1,71.- -- JONATHAN T. FRIED -- Dispute Settlement: A Practitioner's Perspective / 175 -- SIMON V. POTTER -- Mexico and Dispute Settlement / 182 -- M.H. YVONNE STINSON -- PART SEVEN THE NAFTA: FROM CANADA TO -- MEXICO -- From Canada to Mexico: "A Common Future" / 191 -- GEORGE BUSH -- The Most Comprehensive Agreement Ever / 197 -- CARLA A. HILLS -- NAFTA and the Mexican Economy / 200 -- JAIME SERRA PUCHE -- Free Trade: Then and Now / 207 -- MICHAEL H. WILSON -- PART EIGHT NAFTA AND THE ENVIRONMENT -- Five Windows for the Future of NAFTA 'S Environment -- Commission / 213 -- PIERRE MARC JOHNSON -- NAFTA and the Environment: Five Years After / 222 -- VICTOR LICHTINGER -- NAFTA and the Environment: A Review of the Basic -- Issues / 226 -- DAVID K. SCIIORR -- Challenges for the Environment and NAFTA / 237 -- JEAN CHAREST -- PART NINE WHERE DO WE GO FROM HERE? -- New Policies for a New Century / 243 -- THOMAS D'AQUINO -- The Future Work of the FTA, NAFTA and the WTO / 247 -- PETER S. WATSON -- The New Economic Environment / 253 -- BRIAN MULRONEY -- APPENDICES -- Appendix A Two Cheers for the FTA: Ten-Year Review of -- the Canada-U.S. Free Trade Agreement / 259 -- JOHN McCALLUM -- Appendix B Ten-Year Figures for Canada-U.S.A. and -- Canada-Mexico Trade / 275 -- DEPARTMENT OF FOREIGN AFFAIRS AND INTERNATIONAL -- TRADE/STATISTICS CANADA</marcx:subfield></marcx:datafield><marcx:datafield ind1="0" ind2="0" tag="532"><marcx:subfield code="a">Includes bibliographical references (p. 273-274)</marcx:subfield></marcx:datafield><marcx:datafield ind1="0" ind2="0" tag="559"><marcx:subfield code="a">Proceedings of the Free Trade @ 10 Conference held in Montreal in June 1999</marcx:subfield></marcx:datafield><marcx:datafield ind1="0" ind2="0" tag="559"><marcx:subfield code="a">Electronic reproduction. Palo Alto, Calif. : ebrary, 2013. Available via World Wide Web. Access may be limited to ebrary affiliated libraries</marcx:subfield></marcx:datafield><marcx:datafield ind1="0" ind2="0" tag="610"><marcx:subfield code="s">Canada</marcx:subfield><marcx:subfield code="k">1992 Oct. 7</marcx:subfield><marcx:subfield code="t">Treaties, etc.</marcx:subfield><marcx:subfield code="v">Congresses</marcx:subfield></marcx:datafield><marcx:datafield ind1="0" ind2="0" tag="650"><marcx:subfield code="a">Free trade</marcx:subfield><marcx:subfield code="z">Canada</marcx:subfield><marcx:subfield code="v">Congresses</marcx:subfield><marcx:subfield code="2">2</marcx:subfield></marcx:datafield><marcx:datafield ind1="0" ind2="0" tag="650"><marcx:subfield code="a">Free trade</marcx:subfield><marcx:subfield code="z">United States</marcx:subfield><marcx:subfield code="v">Congresses</marcx:subfield><marcx:subfield code="2">2</marcx:subfield></marcx:datafield><marcx:datafield ind1="0" ind2="0" tag="650"><marcx:subfield code="a">Libre-échange</marcx:subfield><marcx:subfield code="z">Amérique du Nord</marcx:subfield><marcx:subfield code="v">Congrès</marcx:subfield><marcx:subfield code="2">4</marcx:subfield></marcx:datafield><marcx:datafield ind1="0" ind2="0" tag="650"><marcx:subfield code="a">Libre-échange</marcx:subfield><marcx:subfield code="z">Canada</marcx:subfield><marcx:subfield code="v">Congrès</marcx:subfield><marcx:subfield code="2">4</marcx:subfield></marcx:datafield><marcx:datafield ind1="0" ind2="0" tag="650"><marcx:subfield code="a">Electronic books</marcx:subfield><marcx:subfield code="2">local</marcx:subfield></marcx:datafield><marcx:datafield ind1="0" ind2="0" tag="651"><marcx:subfield code="a">Canada</marcx:subfield><marcx:subfield code="x">Foreign economic relations</marcx:subfield><marcx:subfield code="z">United States</marcx:subfield><marcx:subfield code="v">Congresses</marcx:subfield></marcx:datafield><marcx:datafield ind1="0" ind2="0" tag="651"><marcx:subfield code="a">United States</marcx:subfield><marcx:subfield code="x">Foreign economic relations</marcx:subfield><marcx:subfield code="z">Canada</marcx:subfield><marcx:subfield code="v">Congresses</marcx:subfield></marcx:datafield><marcx:datafield ind1="0" ind2="0" tag="651"><marcx:subfield code="a">Amérique du Nord</marcx:subfield><marcx:subfield code="x">Intégration économique</marcx:subfield><marcx:subfield code="v">Congrès</marcx:subfield></marcx:datafield><marcx:datafield ind1="0" ind2="0" tag="700"><marcx:subfield code="a">MacDonald</marcx:subfield><marcx:subfield code="h">L. Ian</marcx:subfield></marcx:datafield><marcx:datafield ind1="0" ind2="0" tag="710"><marcx:subfield code="a">Free Trade @ Ten</marcx:subfield><marcx:subfield code="k">1999</marcx:subfield><marcx:subfield code="j">Montréal, Québec</marcx:subfield></marcx:datafield><marcx:datafield ind1="0" ind2="0" tag="856"><marcx:subfield code="u">http://site.ebrary.com/lib/arhus/Doc?id=10132720</marcx:subfield><marcx:subfield code="z">An electronic book accessible through the World Wide Web; click to view</marcx:subfield></marcx:datafield></marcx:record></marcx:collection></of:formatResponse></SOAP-ENV:Body></SOAP-ENV:Envelope>
